<record><leader>00000cas a2200000 a 4500</leader><controlfield tag="001">40496857</controlfield><controlfield tag="008">981215c19959999cauwr ne      0   a0eng  </controlfield><datafield ind1=" " ind2=" " tag="010"><subfield code="a">sn 98061950 </subfield></datafield><datafield ind1=" " ind2=" " tag="040"><subfield code="a">CNK</subfield><subfield code="b">eng</subfield><subfield code="c">CNK</subfield><subfield code="d">OCLCQ</subfield><subfield code="d">DLC</subfield><subfield code="d">CNK</subfield><subfield code="d">OCLCF</subfield><subfield code="d">OCLCO</subfield></datafield><datafield ind1=" " ind2=" " tag="012"><subfield code="m">1</subfield></datafield><datafield ind1="0" ind2=" " tag="022"><subfield code="a">2158-7388</subfield><subfield code="2">1</subfield></datafield><datafield ind1="1" ind2=" " tag="029"><subfield code="a">AU@</subfield><subfield code="b">000014355924</subfield></datafield><datafield ind1=" " ind2=" " tag="032"><subfield code="a">608740</subfield><subfield code="b">USPS</subfield></datafield><datafield ind1=" " ind2=" " tag="042"><subfield code="a">nsdp</subfield><subfield code="a">pcc</subfield></datafield><datafield ind1="1" ind2="0" tag="050"><subfield code="a">ISSN RECORD</subfield></datafield><datafield ind1="1" ind2="0" tag="082"><subfield code="a">051</subfield><subfield code="2">14</subfield></datafield><datafield ind1="0" ind2=" " tag="130"><subfield code="a">King City rustler (King City, Calif. : 1997)</subfield></datafield><datafield ind1=" " ind2="0" tag="222"><subfield code="a">King City rustler</subfield><subfield code="b">(King City, Calif. : 1997)</subfield></datafield><datafield ind1="1" ind2="4" tag="245"><subfield code="a">The King City rustler.</subfield></datafield><datafield ind1="1" ind2="3" tag="246"><subfield code="a">Rustler</subfield></datafield><datafield ind1=" " ind2=" " tag="260"><subfield code="a">King City, CA :</subfield><subfield code="b">South County Newspapers</subfield></datafield><datafield ind1=" " ind2=" " tag="310"><subfield code="a">Weekly</subfield></datafield><datafield ind1="0" ind2=" " tag="362"><subfield code="a">94th year [sic], no. 9 (July 12, 1995)-</subfield></datafield><datafield ind1=" " ind2=" " tag="588"><subfield code="a">Latest issue consulted: 109th yr., no. 33 (Nov. 10, 2010); title from surrogate of caption.</subfield></datafield><datafield ind1=" " ind2=" " tag="530"><subfield code="a">Master negatives are available for duplication from:</subfield><subfield code="b">California Newspaper Microfilm Archive;</subfield><subfield code="c">positive copies may be purchased by the reel; for further information consult the CNMA at:</subfield><subfield code="u">http://cbsr.ucr.edu</subfield></datafield><datafield ind1=" " ind2="0" tag="651"><subfield code="a">King City (Calif.)</subfield><subfield code="v">Newspapers.</subfield></datafield><datafield ind1=" " ind2="7" tag="655"><subfield code="a">Newspapers.</subfield><subfield code="2">fast</subfield><subfield code="0">(OCoLC)fst01423814</subfield></datafield><datafield ind1=" " ind2="7" tag="651"><subfield code="a">California</subfield><subfield code="z">King City.</subfield><subfield code="2">fast</subfield><subfield code="0">(OCoLC)fst01223387</subfield></datafield><datafield ind1=" " ind2=" " tag="752"><subfield code="a">United States</subfield><subfield code="b">California</subfield><subfield code="c">Monterey</subfield><subfield code="d">King City.</subfield></datafield><datafield ind1="0" ind2="0" tag="780"><subfield code="t">Rustler (King City, Calif. : 1964)</subfield><subfield code="w">(DLC)sn 95062705</subfield></datafield></record>